@book{pascual2021topologia,
  title={Topologia},
  author={Pascual Gainza, Pere and Roig Mart{\'i}, Agust{\'i}n},
  year={2021},
  publisher={Edicions UPC}
}
@book{munkrestopologia,
  title={Topolog{\'i}a},
  author={Munkres, James R},
  publisher={Prentice-Hall, M}
}
@book{jane2018apunts,
  title={Topologia, 2017-2018},
  author={Jané Bellerín, Martí},
  year={2018},
  publisher={Universitat de Barcelona},
  note={Apunts de l'assignatura \textit{Topologia}.}
}
@book{llerena2013apunts,
   abstract = {Apunts de l'assignatura "Topologia", impartida durant el curs 2012-2013 a la Universitat de Barcelona per la doctora Irene Llerena.},
   author = {Irene Llerena},
   city = {Barcelona},
   month = {2},
   publisher = {Universitat de Barcelona},
   title = {Topologia},
   year = {2013},
}
@book{bover2017apunts,
  title={Apunts d'un curs de topologia elemental},
  author={Aguadé i Bover, J.},
  isbn={9788469705414},
  url={https://books.google.es/books?id=3yk5ygEACAAJ},
  year={2017},
  publisher={Universitat Autònoma de Barcelona}
}
